name,ttm,12/31/20,9/30/20,6/30/20,3/31/20,12/31/19,9/30/19,6/30/19,3/31/19,12/31/18,9/30/18,6/30/18,3/31/18,12/31/17,9/30/17,6/30/17,3/31/17,12/31/16,9/30/16,6/30/16,3/31/16,12/31/15,9/30/15,6/30/15,3/31/15,12/31/14,9/30/14,6/30/14,3/31/14,12/31/13,9/30/13,6/30/13,3/31/13,12/31/12,9/30/12,6/30/12,3/31/12,12/31/11,9/30/11,6/30/11,3/31/11,12/31/10,9/30/10,6/30/10,3/31/10,12/31/09,9/30/09,6/30/09,3/31/09,12/31/08,9/30/08,6/30/08,3/31/08,12/31/07,9/30/07,6/30/07,3/31/07,12/31/06,9/30/06,6/30/06,3/31/06,12/31/05,9/30/05,6/30/05,3/31/05,12/31/04,9/30/04,6/30/04,3/31/04,12/31/03,9/30/03,6/30/03,3/31/03,12/31/02,9/30/02,6/30/02,3/31/02,12/31/01,9/30/01,6/30/01,3/31/01,12/31/00,9/30/00,6/30/00,3/31/00,12/31/99,9/30/99,6/30/99,3/31/99,12/31/98,9/30/98,6/30/98,3/31/98,12/31/97,9/30/97,6/30/97,3/31/97,12/31/96,9/30/96,6/30/96,3/31/96,12/31/95,9/30/95,6/30/95,3/31/95,12/31/94,9/30/94,6/30/94,3/31/94,12/31/93,9/30/93,6/30/93,3/31/93,12/31/92,9/30/92,6/30/92,3/31/92,12/31/91,9/30/91,6/30/91,3/31/91,12/31/90,9/30/90,6/30/90,3/31/90,12/31/89,9/30/89,6/30/89,3/31/89,12/31/88,9/30/88,6/30/88,3/31/88,12/31/87,9/30/87,6/30/87,3/31/87,12/31/86,9/30/86,6/30/86,3/31/86,12/31/85,9/30/85
TotalRevenue,"60,760,000,000","16,249,000,000","14,707,000,000","11,779,000,000","18,009,000,000","20,858,000,000","19,100,000,000","20,245,000,000","14,922,000,000","15,303,000,000","14,307,000,000","15,228,000,000","14,548,000,000","15,351,000,000","12,779,000,000","14,238,000,000","13,336,000,000","14,784,000,000","13,142,000,000","14,277,000,000","12,969,000,000","15,244,000,000","13,512,000,000","13,101,000,000","12,461,000,000","13,391,000,000","12,389,000,000","12,466,000,000","11,649,000,000","12,309,000,000","11,568,000,000","11,578,000,000","10,554,000,000","11,341,000,000","10,782,000,000","11,088,000,000","9,629,000,000","10,779,000,000","10,425,000,000","10,675,000,000","9,077,000,000","10,716,000,000","9,742,000,000","10,002,000,000","8,580,000,000","9,739,000,000","9,867,000,000","8,596,000,000","8,087,000,000","9,599,000,000","9,445,000,000","9,236,000,000","8,710,000,000","10,452,000,000","8,930,000,000","9,045,000,000","8,073,000,000","9,725,000,000","8,784,000,000","8,620,000,000","8,027,000,000","8,854,000,000","7,734,000,000","7,715,000,000","7,829,000,000","8,666,000,000","7,543,000,000","7,471,000,000","7,189,000,000","8,549,000,000","7,088,000,000","6,175,000,000","6,332,000,000","7,466,000,000","6,662,000,000","5,795,000,000","5,904,000,000","7,048,000,000","5,812,000,000","5,975,000,000","6,049,000,000","7,433,000,000","6,116,000,000","6,051,000,000","6,303,000,000","6,932,000,000","5,781,000,000","5,522,000,000","5,510,000,000","6,589,000,000","6,147,000,000","5,248,000,000","5,242,000,000","6,339,000,000","5,520,000,000","5,194,000,000","5,481,000,000","6,278,000,000","5,272,000,000","5,087,000,000","4,543,000,000","3,818,000,000","3,123,600,000","2,764,000,000","2,922,800,000","3,301,700,000","2,698,400,000","2,353,600,000","2,275,800,000","2,727,300,000","2,174,600,000","1,936,800,000","2,026,500,000","2,391,400,000","2,058,800,000","1,853,500,000","1,655,100,000","1,936,600,000","1,739,400,000","1,511,600,000","1,439,000,000","1,492,400,000","1,712,300,000","1,539,500,000","1,303,800,000","1,288,200,000","1,345,200,000","1,167,600,000","1,037,900,000","1,043,600,000","1,028,200,000","930,400,000","789,200,000","749,300,000","782,100,000","621,900,000","766,300,000","755,500,000","726,400,000","647,900,000","592,400,000","504,200,000","590,500,000"
"	OperatingRevenue","60,760,000,000","16,249,000,000","14,707,000,000","11,779,000,000","18,009,000,000","20,858,000,000","19,100,000,000","20,245,000,000","14,922,000,000","15,303,000,000","14,307,000,000","15,228,000,000","14,548,000,000","15,351,000,000","12,779,000,000","14,238,000,000","13,336,000,000","14,784,000,000","13,142,000,000","14,277,000,000","12,969,000,000","15,244,000,000","13,512,000,000","13,101,000,000","12,461,000,000","13,391,000,000","12,389,000,000","12,466,000,000","11,649,000,000","12,309,000,000","11,568,000,000","11,578,000,000","10,554,000,000","11,341,000,000","10,782,000,000","11,088,000,000","9,629,000,000","10,779,000,000","10,425,000,000","10,675,000,000","9,077,000,000","10,716,000,000","9,742,000,000","10,002,000,000","8,580,000,000","9,739,000,000","9,867,000,000","8,596,000,000","8,087,000,000","9,599,000,000","9,445,000,000","9,236,000,000","8,710,000,000","10,452,000,000","8,930,000,000","9,045,000,000","8,073,000,000","9,725,000,000","8,784,000,000","8,620,000,000","8,027,000,000","8,854,000,000","7,734,000,000","7,715,000,000","7,829,000,000","8,666,000,000","7,543,000,000","7,471,000,000","7,189,000,000","8,549,000,000","7,088,000,000","6,175,000,000","6,332,000,000","7,466,000,000","6,662,000,000","5,795,000,000","5,904,000,000","7,048,000,000","5,812,000,000","5,975,000,000","6,049,000,000","7,433,000,000","6,116,000,000","6,051,000,000","6,303,000,000","6,932,000,000","5,781,000,000","5,522,000,000","5,510,000,000","6,589,000,000","6,147,000,000","5,248,000,000","5,242,000,000","6,339,000,000","5,520,000,000","5,194,000,000","5,481,000,000","6,278,000,000","5,272,000,000","5,087,000,000","4,543,000,000","3,818,000,000","3,123,600,000","2,764,000,000","2,922,800,000","3,301,700,000","2,698,400,000","2,353,600,000","2,275,800,000","2,727,300,000","2,174,600,000","1,936,800,000","2,026,500,000","2,391,400,000","2,058,800,000","1,853,500,000","1,655,100,000","1,936,600,000","1,739,400,000","1,511,600,000","1,439,000,000","1,492,400,000","1,712,300,000","1,539,500,000","1,303,800,000","1,288,200,000","1,345,200,000","1,167,600,000","1,037,900,000","1,043,600,000","1,028,200,000","930,400,000","789,200,000","749,300,000","782,100,000","621,900,000","766,300,000","755,500,000","726,400,000","647,900,000","592,400,000","504,200,000","590,500,000"
CostOfRevenue,"42,621,000,000","11,775,000,000","11,013,000,000","7,896,000,000","11,918,000,000","13,016,000,000","11,822,000,000","12,819,000,000","8,376,000,000","9,001,000,000","8,108,000,000","8,348,000,000","7,533,000,000","8,737,000,000","7,214,000,000","7,717,000,000","6,969,000,000","8,406,000,000","7,305,000,000","7,201,000,000","6,864,000,000","8,623,000,000","7,355,000,000","6,663,000,000","6,690,000,000","7,656,000,000","-860,000,000","8,968,000,000","8,668,000,000","9,644,000,000","9,409,000,000","8,574,000,000","8,359,000,000","9,249,000,000","8,758,000,000","8,128,000,000","7,942,000,000","8,587,000,000","8,558,000,000","8,229,000,000","7,549,000,000","8,776,000,000","8,221,000,000","7,723,000,000","7,068,000,000","8,325,000,000","8,272,000,000","6,998,000,000","6,800,000,000","8,382,000,000","7,993,000,000","7,215,000,000","6,812,000,000","8,419,000,000","7,359,000,000","7,022,000,000","6,540,000,000","8,009,000,000","7,441,000,000","6,832,000,000","6,841,000,000","7,693,000,000","7,321,000,000","6,369,000,000","6,655,000,000","7,492,000,000","6,792,000,000","6,375,000,000","6,153,000,000","7,384,000,000","6,315,000,000","5,446,000,000","5,779,000,000","6,790,000,000","6,263,000,000","5,043,000,000","5,299,000,000","6,399,000,000","5,307,000,000","4,947,000,000","5,133,000,000","6,283,000,000","4,559,000,000","4,046,000,000","4,405,000,000","4,880,000,000","4,270,000,000","3,692,000,000","3,839,000,000","4,591,000,000","5,793,000,000","3,052,000,000","3,041,000,000","3,321,000,000","3,372,000,000","2,983,000,000","3,444,000,000","3,404,000,000","3,252,000,000","2,928,000,000","2,874,000,000","2,399,000,000","2,124,900,000","1,785,800,000","1,814,300,000","2,088,400,000","1,768,900,000","1,470,800,000","1,487,900,000","1,753,600,000","1,415,800,000","1,063,500,000","1,400,500,000","1,662,700,000","1,491,000,000","1,093,800,000","1,156,300,000","1,369,400,000","1,183,500,000","989,200,000","1,031,400,000","1,018,900,000","1,153,300,000","991,100,000","875,700,000","859,800,000",,,,,,,,,,,,,,,,,
GrossProfit,"18,139,000,000","4,474,000,000","3,694,000,000","3,883,000,000","6,091,000,000","7,842,000,000","7,278,000,000","7,426,000,000","6,546,000,000","6,302,000,000","6,199,000,000","6,880,000,000","7,015,000,000","6,614,000,000","5,565,000,000","6,521,000,000","6,367,000,000","6,378,000,000","5,837,000,000","7,076,000,000","6,105,000,000","6,621,000,000","6,157,000,000","6,438,000,000","5,771,000,000","5,735,000,000","13,249,000,000","3,498,000,000","2,981,000,000","2,665,000,000","2,159,000,000","3,004,000,000","2,195,000,000","2,092,000,000","2,024,000,000","2,960,000,000","1,687,000,000","2,192,000,000","1,867,000,000","2,446,000,000","1,528,000,000","1,940,000,000","1,521,000,000","2,279,000,000","1,512,000,000","1,414,000,000","1,595,000,000","1,598,000,000","1,287,000,000","1,217,000,000","1,452,000,000","2,021,000,000","1,898,000,000","2,033,000,000","1,571,000,000","2,023,000,000","1,533,000,000","1,716,000,000","1,343,000,000","1,788,000,000","1,186,000,000","1,161,000,000","413,000,000","1,346,000,000","1,174,000,000","1,174,000,000","751,000,000","1,096,000,000","1,036,000,000","1,165,000,000","773,000,000","729,000,000","553,000,000","676,000,000","399,000,000","752,000,000","605,000,000","649,000,000","505,000,000","1,028,000,000","916,000,000","1,150,000,000","1,557,000,000","2,005,000,000","1,898,000,000","2,052,000,000","1,511,000,000","1,830,000,000","1,671,000,000","1,998,000,000","354,000,000","2,196,000,000","2,201,000,000","3,018,000,000","2,148,000,000","2,211,000,000","2,037,000,000","2,874,000,000","2,020,000,000","2,159,000,000","1,669,000,000","1,419,000,000","998,700,000","978,200,000","1,108,500,000","1,213,300,000","929,500,000","882,800,000","787,900,000","973,700,000","758,800,000","873,300,000","626,000,000","728,700,000","567,800,000","759,700,000","498,800,000","567,200,000","555,900,000","522,400,000","407,600,000","473,500,000","559,000,000","548,400,000","428,100,000","428,400,000",,,,,,,,,,,,,,,,,
OperatingExpense,"16,921,000,000","4,215,000,000","4,147,000,000","3,832,000,000","4,721,000,000","5,001,000,000","4,993,000,000","4,666,000,000","3,155,000,000","2,884,000,000","3,116,000,000","2,956,000,000","2,978,000,000","2,821,000,000","2,936,000,000","2,733,000,000","2,617,000,000","2,672,000,000","2,976,000,000","2,931,000,000","2,742,000,000","2,632,000,000","3,009,000,000","2,676,000,000","2,665,000,000","2,527,000,000",,,,,,,,,0,,,,,,,0,0,0,0,0,0,0,0,,,,,,,,,,0,0,,,,0,0,0,0,0,0,,"4,000,000","2,000,000","7,000,000","5,000,000","7,000,000","9,000,000","2,000,000","3,000,000","145,000,000","145,000,000","184,000,000","293,000,000","1,043,000,000","1,146,000,000","1,452,000,000","1,128,000,000","1,015,000,000","913,000,000","1,027,000,000","1,020,000,000","-336,000,000","1,322,000,000","1,400,000,000","1,604,000,000","1,287,000,000","1,220,000,000","1,281,000,000","1,537,000,000","1,223,000,000","1,269,000,000","1,110,000,000","620,000,000","569,500,000","454,600,000","547,700,000","464,800,000","532,500,000","429,800,000","415,300,000","392,900,000","441,400,000","444,900,000","259,100,000","269,400,000","220,900,000","406,700,000","238,000,000","240,800,000","276,200,000","265,300,000","212,200,000","201,700,000","199,500,000","174,000,000","151,100,000","152,200,000",,,,,,,,,,,,,,,,,
"	SellingGeneralAndAdministration","11,577,000,000","2,917,000,000","2,812,000,000","2,455,000,000","3,388,000,000","3,703,000,000","3,697,000,000","3,362,000,000","2,327,000,000","2,152,000,000","2,322,000,000","2,212,000,000","2,247,000,000","2,079,000,000","2,228,000,000","2,022,000,000","1,941,000,000","1,985,000,000","2,287,000,000","2,305,000,000","2,137,000,000","2,025,000,000","2,406,000,000","2,101,000,000","2,081,000,000","1,935,000,000",,,,,,,,,,,,,,,,,,,,,,,,,,,,,,,,,,,,,,,,,,,,,,,,,,,,,,,,,"69,000,000","1,000,000","38,000,000","-3,000,000","25,000,000","34,000,000","85,000,000","52,000,000","61,000,000","49,000,000","48,000,000","78,000,000","100,000,000","69,000,000","108,000,000","90,000,000","61,000,000","66,000,000","97,000,000","54,000,000","56,800,000","38,700,000","45,800,000","42,300,000","41,600,000","39,600,000","37,400,000","43,600,000","39,300,000","41,500,000","39,800,000","43,000,000","32,600,000","36,500,000","36,900,000","42,200,000","43,600,000","44,900,000","36,500,000","35,900,000","37,500,000","33,400,000","34,600,000","33,000,000",,,,,,,,,,,,,,,,,
"	DepreciationAmortizationDepletionIncomeStatement","5,344,000,000","1,298,000,000","1,335,000,000","1,377,000,000","1,333,000,000","1,298,000,000","1,296,000,000","1,304,000,000","828,000,000","732,000,000","794,000,000","744,000,000","731,000,000","742,000,000","708,000,000","711,000,000","676,000,000","687,000,000","689,000,000","626,000,000","605,000,000","607,000,000","603,000,000","575,000,000","584,000,000","592,000,000",,,,,,,,,,,,,,,,,,,,,,,,,,,,,,,,,,,,,,,,,,,,,"4,000,000","2,000,000","7,000,000","5,000,000","7,000,000","9,000,000","2,000,000","3,000,000","145,000,000","145,000,000","184,000,000","293,000,000","974,000,000","1,145,000,000","1,414,000,000","1,131,000,000","990,000,000","879,000,000","942,000,000","968,000,000","-397,000,000","1,273,000,000","1,352,000,000","1,526,000,000","1,187,000,000","1,151,000,000","1,173,000,000","1,447,000,000","1,162,000,000","1,203,000,000","1,013,000,000","566,000,000","512,700,000","415,900,000","501,900,000","422,500,000","490,900,000","390,200,000","377,900,000","349,300,000","402,100,000","403,400,000","219,300,000","226,400,000","188,300,000","370,200,000","201,100,000","198,600,000","232,600,000","220,400,000","175,700,000","165,800,000","162,000,000","140,600,000","116,500,000","119,200,000",,,,,,,,,,,,,,,,,
"		DepreciationAndAmortizationInIncomeStatement","5,344,000,000","1,298,000,000","1,335,000,000","1,377,000,000","1,333,000,000","1,298,000,000","1,296,000,000","1,304,000,000","828,000,000","732,000,000","794,000,000","744,000,000","731,000,000","742,000,000","708,000,000","711,000,000","676,000,000","687,000,000","689,000,000","626,000,000","605,000,000","607,000,000","603,000,000","575,000,000","584,000,000","592,000,000",,,,,,,,,,,,,,,,,,,,,,,,,,,,,,,,,,,,,,,,,,,,,"4,000,000","2,000,000","7,000,000","5,000,000","7,000,000","9,000,000","2,000,000","3,000,000","145,000,000","145,000,000","184,000,000","293,000,000","974,000,000","1,145,000,000","1,414,000,000","1,131,000,000","990,000,000","879,000,000","942,000,000","968,000,000","-397,000,000","1,273,000,000","1,352,000,000","1,526,000,000","1,187,000,000","1,151,000,000","1,173,000,000","1,447,000,000","1,162,000,000","1,203,000,000","1,013,000,000","566,000,000","512,700,000","415,900,000","501,900,000","422,500,000","490,900,000","390,200,000","377,900,000","349,300,000","402,100,000","403,400,000","219,300,000","226,400,000","188,300,000","370,200,000","201,100,000","198,600,000","232,600,000","220,400,000","175,700,000","165,800,000","162,000,000","140,600,000","116,500,000","119,200,000",,,,,,,,,,,,,,,,,
"			Amortization",,,,,,,,,,,,,,,,,,,,,,,,,,,,,,,,,,,,,,,,,,,,,,,,,,,,,,,,,,,,,,,,,,,,,,,"4,000,000","2,000,000","7,000,000","5,000,000","7,000,000","9,000,000","2,000,000","3,000,000","145,000,000","145,000,000","184,000,000","293,000,000",,,,,,,,,,,,,,,,,,,,,,,,,,,,,,,,,,,,,,,,,,,,,,,,,,,,,,,,,,,,,
"				AmortizationOfIntangiblesIncomeStatement",,,,,,,,,,,,,,,,,,,,,,,,,,,,,,,,,,,,,,,,,,,,,,,,,,,,,,,,,,,,,,,,,,,,,,,"4,000,000","2,000,000","7,000,000","5,000,000","7,000,000","9,000,000","2,000,000","3,000,000","145,000,000","145,000,000","184,000,000","293,000,000",,,,,,,,,,,,,,,,,,,,,,,,,,,,,,,,,,,,,,,,,,,,,,,,,,,,,,,,,,,,,
OperatingIncome,"1,218,000,000","259,000,000","-453,000,000","51,000,000","1,370,000,000","2,841,000,000","2,285,000,000","2,760,000,000","3,391,000,000","3,418,000,000","3,083,000,000","3,924,000,000","4,037,000,000","3,793,000,000","2,629,000,000","3,788,000,000","3,750,000,000","3,706,000,000","2,861,000,000","4,145,000,000","3,363,000,000","3,989,000,000","3,148,000,000","3,762,000,000","3,106,000,000","3,208,000,000","2,396,000,000","3,498,000,000","2,981,000,000","2,665,000,000","2,159,000,000","3,004,000,000","2,195,000,000","2,092,000,000","2,024,000,000","2,960,000,000","1,687,000,000","2,192,000,000","1,867,000,000","2,446,000,000","1,528,000,000","1,940,000,000","1,521,000,000","2,279,000,000","1,512,000,000","1,414,000,000","1,595,000,000","1,598,000,000","1,287,000,000","1,217,000,000","1,452,000,000","2,021,000,000","1,898,000,000","2,033,000,000","1,571,000,000","2,023,000,000","1,533,000,000","1,716,000,000","1,343,000,000","1,788,000,000","1,186,000,000","1,161,000,000","413,000,000","1,346,000,000","1,174,000,000","1,174,000,000","751,000,000","1,096,000,000","1,036,000,000","1,165,000,000","769,000,000","727,000,000","546,000,000","671,000,000","392,000,000","743,000,000","603,000,000","646,000,000","360,000,000","883,000,000","732,000,000","857,000,000","514,000,000","859,000,000","446,000,000","924,000,000","496,000,000","917,000,000","644,000,000","978,000,000","690,000,000","874,000,000","801,000,000","1,414,000,000","861,000,000","991,000,000","756,000,000","1,337,000,000","797,000,000","890,000,000","559,000,000","799,000,000","429,200,000","523,600,000","560,800,000","748,500,000","397,000,000","453,000,000","372,600,000","580,800,000","317,400,000","428,400,000","366,900,000","459,300,000","346,900,000","353,000,000","260,800,000","326,400,000","279,700,000","257,100,000","195,400,000","271,800,000","359,500,000","374,400,000","277,000,000","276,200,000","-2,139,700,000","1,167,600,000","1,037,900,000","1,043,600,000","-1,621,200,000","930,400,000","789,200,000","749,300,000","-1,388,200,000","621,900,000","766,300,000","755,500,000","-1,241,000,000","647,900,000","592,400,000","504,200,000","-1,063,400,000"
NetNonOperatingInterestIncomeExpense,"-1,496,000,000","-291,000,000","-488,000,000","-415,000,000","-302,000,000","-286,000,000","-284,000,000","-438,000,000","-168,000,000","-88,000,000","-159,000,000","-143,000,000","-143,000,000","-129,000,000","-85,000,000","-117,000,000","-84,000,000","-99,000,000","-99,000,000","-70,000,000","-67,000,000","-24,000,000","-55,000,000","-12,000,000","8,000,000","-58,000,000","-38,000,000","-50,000,000","62,000,000","49,000,000","-26,000,000","-83,000,000","-54,000,000","-72,000,000","-91,000,000","-93,000,000","-95,000,000","-90,000,000","-77,000,000","-88,000,000","-83,000,000","-95,000,000","-87,000,000","-89,000,000","-130,000,000","-103,000,000","-124,000,000","-75,000,000","-128,000,000",,,,,,,,,,,,,,,,,,,,,,,,,,,,,,,,,,,,,,,,,,,,,,,,,,,,,,,,,,,,,,,,,,,,,,,,,,,,,,,,,,,,,,,,,,,,,,
"	InterestIncomeNonOperating","193,000,000","113,000,000","-24,000,000","41,000,000","63,000,000","76,000,000","129,000,000","34,000,000","30,000,000","75,000,000","30,000,000","32,000,000","29,000,000","17,000,000","52,000,000","17,000,000","31,000,000","22,000,000","20,000,000","18,000,000","14,000,000","42,000,000","13,000,000","50,000,000","74,000,000","11,000,000","34,000,000","24,000,000","129,000,000","130,000,000","55,000,000","10,000,000","29,000,000","20,000,000","24,000,000","22,000,000","31,000,000","26,000,000","34,000,000","25,000,000","28,000,000","5,000,000","1,000,000","14,000,000",,,,,"22,000,000",,,,,,,,,,,,,,,,,,,,,,,,,,,,,,,,,,,,,,,,,,,,,,,,,,,,,,,,,,,,,,,,,,,,,,,,,,,,,,,,,,,,,,,,,,,,,,
"	InterestExpenseNonOperating","1,689,000,000","404,000,000","464,000,000","456,000,000","365,000,000","362,000,000","413,000,000","472,000,000","198,000,000","163,000,000","189,000,000","175,000,000","172,000,000","146,000,000","137,000,000","134,000,000","115,000,000","121,000,000","119,000,000","88,000,000","81,000,000","66,000,000","68,000,000","62,000,000","66,000,000","69,000,000","72,000,000","74,000,000","67,000,000","81,000,000","81,000,000","93,000,000","83,000,000","92,000,000","115,000,000","115,000,000","126,000,000","116,000,000","111,000,000","113,000,000","111,000,000","100,000,000","88,000,000","103,000,000","130,000,000","103,000,000","124,000,000","75,000,000","150,000,000",,,,,,,,,,,,,,,,,,,,,,,,,,,,,,,,,,,,,,,,,,,,,,,,,,,,,,,,,,,,,,,,,,,,,,,,,,,,,,,,,,,,,,,,,,,,,,
"	TotalOtherFinanceCost",,,,,,,,"411,000,000",,,,,,,,,,,,,,,,,,,,,"-62,000,000",,,,,,,,,,,,,,,,,"103,000,000",,,,,,,,,,,,,,,,,,,,,,,,,,,,,,,,,,,,,,,,,,,,,,,,,,,,,,,,,,,,,,,,,,,,,,,,,,,,,,,,,,,,,,,,,,,,,,,,,
OtherIncomeExpense,"-4,045,000,000","78,000,000","361,000,000","-4,476,000,000","-8,000,000","77,000,000","-743,000,000","-304,000,000","4,014,000,000","101,000,000","278,000,000","73,000,000","34,000,000","81,000,000","150,000,000","-53,000,000","85,000,000","118,000,000","119,000,000","108,000,000","150,000,000","393,000,000","131,000,000","212,000,000","206,000,000","212,000,000","103,000,000","222,000,000","132,000,000","226,000,000","91,000,000","172,000,000","134,000,000","8,000,000","181,000,000","162,000,000","284,000,000","139,000,000","113,000,000","150,000,000","123,000,000","219,000,000",0,"146,000,000","153,000,000","11,000,000","190,000,000","134,000,000","-158,000,000","261,000,000","48,000,000","207,000,000","144,000,000","123,000,000","96,000,000","147,000,000","121,000,000","1,173,000,000","118,000,000","154,000,000","108,000,000","181,000,000","114,000,000","149,000,000","106,000,000","108,000,000","67,000,000","70,000,000","74,000,000","97,000,000","90,000,000","103,000,000","51,000,000","90,000,000","62,000,000","78,000,000","49,000,000","70,000,000","-60,000,000","-52,000,000","-930,000,000","-78,000,000","153,000,000","93,000,000",,"202,000,000","-208,000,000","-87,000,000","-75,000,000","261,000,000",,,,,0,,,"135,000,000","41,000,000",,"-525,000,000","-22,000,000","52,500,000","-14,400,000","-33,100,000","27,900,000","54,300,000","-47,700,000","8,400,000","4,200,000","-247,000,000","-26,700,000","-34,900,000","-37,800,000","136,700,000","-1,200,000","800,000","5,200,000","103,700,000","7,700,000","7,200,000","800,000","54,500,000","10,200,000","18,800,000","16,500,000",,,,,,,,,,,,,,,,,
"	GainOnSaleOfSecurity",,,"65,000,000",,,,,,,,,,,,,,,,,,,,,,,,,,"-143,000,000",,,,,,,,,,,,,,,,,,,,,,,,,,,,,,,,,,,,,,,,,,,,,,,,,,,,,,,,,,,,,,,,,,,,,,,,,,,,,,,,,,,,,,,,,,,,,,,,,,,,,,,,,,,,,,,,,,
"	EarningsFromEquityInterest","651,000,000","224,000,000","106,000,000","186,000,000","135,000,000","224,000,000","131,000,000","-1,000,000","-312,000,000","76,000,000","-224,000,000","73,000,000","6,000,000","43,000,000","-7,000,000","124,000,000","85,000,000","118,000,000","150,000,000","152,000,000","150,000,000","474,000,000","184,000,000","212,000,000","206,000,000","212,000,000","176,000,000","222,000,000","217,000,000","239,000,000","161,000,000","232,000,000","185,000,000","110,000,000","175,000,000","169,000,000","138,000,000","145,000,000","122,000,000","184,000,000","123,000,000","156,000,000",,"139,000,000","154,000,000","89,000,000",,"155,000,000","147,000,000","147,000,000","139,000,000","175,000,000","144,000,000","123,000,000","96,000,000","147,000,000","121,000,000","121,000,000","118,000,000","136,000,000","108,000,000","111,000,000","120,000,000","125,000,000","113,000,000","125,000,000","72,000,000","126,000,000","77,000,000","97,000,000","91,000,000","102,000,000","51,000,000","90,000,000","62,000,000","44,000,000","49,000,000","70,000,000","66,000,000","86,000,000","66,000,000",,,,,,,,,,,,,,,,,,,,,,,,,,,,,,,,,,,,,,,,,,,,,,,,,,,,,,,,,,,,,,
"	SpecialIncomeCharges","-4,725,000,000","-113,000,000","198,000,000","-4,665,000,000","-145,000,000","-150,000,000","-797,000,000","-330,000,000","4,301,000,000",0,"596,000,000",,"-13,000,000","38,000,000","-20,000,000",0,0,0,"-31,000,000","-44,000,000",0,"-81,000,000","-53,000,000",0,0,0,"4,000,000",0,"29,000,000","-19,000,000","-162,000,000","-60,000,000","-61,000,000","-102,000,000","6,000,000","-7,000,000","146,000,000","-6,000,000","-9,000,000","-34,000,000",0,"63,000,000","382,000,000","7,000,000","-1,000,000","-78,000,000","639,000,000","-21,000,000","-305,000,000","114,000,000","-91,000,000","32,000,000",,,0,,,"1,052,000,000",0,"18,000,000",,"70,000,000",,"24,000,000","-7,000,000","-17,000,000","-5,000,000","-56,000,000","-3,000,000",,"-1,000,000","1,000,000",,,0,"34,000,000",,,"-126,000,000","-138,000,000","-996,000,000","-78,000,000","153,000,000","93,000,000",,"202,000,000","-208,000,000","-87,000,000","-75,000,000","261,000,000",,,,,0,,,"135,000,000","41,000,000",,"-525,000,000","-22,000,000","52,500,000","-14,400,000","-33,100,000","27,900,000","54,300,000","-47,700,000","8,400,000","4,200,000","-247,000,000","-26,700,000","-34,900,000","-37,800,000","136,700,000","-1,200,000","800,000","5,200,000","103,700,000","7,700,000","7,200,000","800,000","54,500,000","10,200,000","18,800,000","16,500,000",,,,,,,,,,,,,,,,,
"		RestructuringAndMergernAcquisition","5,698,000,000","113,000,000","393,000,000","94,000,000","145,000,000","150,000,000","314,000,000","330,000,000","-4,255,000,000",0,"2,000,000",,"13,000,000","15,000,000","-157,000,000",0,0,0,"31,000,000","44,000,000",0,"81,000,000","53,000,000",0,0,0,"73,000,000",0,"48,000,000","19,000,000","93,000,000","60,000,000","61,000,000",0,"49,000,000","7,000,000","38,000,000","6,000,000","9,000,000","34,000,000",0,"12,000,000","58,000,000","36,000,000","71,000,000","105,000,000","166,000,000","21,000,000","305,000,000",,,,,,,,,,0,"-18,000,000",,,,"-24,000,000","7,000,000","17,000,000","5,000,000","56,000,000","3,000,000",,"1,000,000","15,000,000",,,,,,,"126,000,000","138,000,000","996,000,000",,,,,,,,,,,,,,,,,,,,,,,,,,,,,,,,,,,,,,,,,,,,,,,,,,,,,,,,,,,,,,
"		ImpairmentOfCapitalAssets",,,,"4,953,000,000",,,,,,,,,,,,,,,,,,,,,,,,,,,,,,,,,,,,,,,,,,,,,,,,,,,,,,,,,,,,,,,,,,,,,,,,,,,,,,,,,,,,,,,,,,,,,,,,,,,,,,,,,,,,,,,,,,,,,,,,,,,,,,,,,,,,,,,,,,,
"		OtherSpecialCharges",,,"-591,000,000","-382,000,000",,,"511,000,000",,"-46,000,000",,,,,,,,,,,,,,,,,,,,,,,,,"321,000,000","-55,000,000",,"-184,000,000",,0,,,"-75,000,000","-440,000,000","-43,000,000","-70,000,000","-27,000,000","-805,000,000",,,,,,,,,,,,0,,,,,,,,,,,,0,"-16,000,000",,,,,,,0,,,,,,,,,,,,,,,,,,,,,,,,,,,,,,,,,,,,,,,,,,,,,,,,,,,,,,,,,,,,,,,,
"		GainOnSaleOfBusiness",,,,,,,,,,,,,,,,,,,,,,,,,,,,,0,0,,,0,"219,000,000",,,,,,,,,,,,,,,,,,,,,,,,,,,,,,,,,,,,,,,,,,,,,,,,,,,,,,,,,,,,,,,,,,,,,,,,,,,,,,,,,,,,,,,,,,,,,,,,,,,,,,,,,,,,,
"		GainOnSaleOfPPE",,,,,,,,,,,,,,"53,000,000",,,,,,,,,,,0,,,,"77,000,000",,,,,,,,,,,,,,,,,,,,,,,,,,,,,,,,,,,,,,,,,,,,,,,,,,,,,,,,,,,,,,,,,,,,,,,,,,,,,,,,,,,,,,,,,,,,,,,,,,,,,,,,,,,,,,,,,,
"	OtherNonOperatingIncomeExpenses",,"-33,000,000",,"3,000,000","2,000,000","3,000,000",,"27,000,000","25,000,000","25,000,000","507,000,000",,"41,000,000","53,000,000","255,000,000","-177,000,000",,,,,,,,,,,"66,000,000",,"29,000,000","6,000,000","23,000,000",,"10,000,000",,,,,,,,,,,,,,,,,,,,,,,,,,,,,,,,,,,,,,,,,,,,,,,,,,,,,,,,,,,,,,,,,,,,,,,,,,,,,,,,,,,,,,,,,,,,,,,,,,,,,,,,,,,,,,
PretaxIncome,"-4,323,000,000","46,000,000","-580,000,000","-4,840,000,000","1,060,000,000","2,632,000,000","1,258,000,000","2,018,000,000","7,237,000,000","3,431,000,000","3,202,000,000","3,854,000,000","3,928,000,000","3,745,000,000","2,694,000,000","3,618,000,000","3,751,000,000","3,725,000,000","2,881,000,000","4,183,000,000","3,446,000,000","4,358,000,000","3,224,000,000","3,962,000,000","3,320,000,000","3,362,000,000","2,461,000,000","3,670,000,000","3,175,000,000","2,940,000,000","2,224,000,000","3,093,000,000","2,275,000,000","2,028,000,000","2,114,000,000","3,029,000,000","1,876,000,000","2,241,000,000","1,903,000,000","2,508,000,000","1,568,000,000","2,064,000,000","1,434,000,000","2,336,000,000","1,535,000,000","1,322,000,000","1,661,000,000","1,657,000,000","1,001,000,000","1,339,000,000","1,387,000,000","2,087,000,000","1,895,000,000","2,033,000,000","1,504,000,000","2,027,000,000","1,524,000,000","2,732,000,000","1,310,000,000","1,809,000,000","1,149,000,000","1,179,000,000","294,000,000","1,361,000,000","1,190,000,000","1,142,000,000","647,000,000","1,015,000,000","963,000,000","1,114,000,000","708,000,000","662,000,000","419,000,000","465,000,000","289,000,000","636,000,000","494,000,000","771,000,000","-993,000,000","751,000,000","-296,000,000","628,000,000","535,000,000","786,000,000","300,000,000","905,000,000","180,000,000","664,000,000","395,000,000","1,075,000,000","513,000,000","713,000,000","651,000,000","1,280,000,000","708,000,000","806,000,000","572,000,000","1,301,000,000","626,000,000","719,000,000","-49,000,000","764,000,000","404,700,000","488,100,000","483,900,000","739,900,000","331,400,000","405,400,000","381,000,000","585,000,000","-87,300,000","401,700,000","331,900,000","421,500,000","356,800,000","351,800,000","261,600,000","331,600,000","278,400,000","264,800,000","202,600,000","272,600,000","370,900,000","384,600,000","287,900,000","281,300,000",,,,,,,,,,,,,,,,,
TaxProvision,"257,000,000","16,000,000","49,000,000","-331,000,000","525,000,000","459,000,000","344,000,000","395,000,000","1,647,000,000","645,000,000","783,000,000","795,000,000","813,000,000","-728,000,000","829,000,000","1,144,000,000","1,212,000,000","1,237,000,000","989,000,000","1,471,000,000","1,170,000,000","1,448,000,000","1,483,000,000","1,323,000,000","1,092,000,000","1,118,000,000","836,000,000","1,251,000,000","1,119,000,000","1,036,000,000","681,000,000","1,059,000,000","654,000,000","590,000,000","724,000,000","993,000,000","650,000,000","720,000,000","652,000,000","845,000,000","558,000,000","730,000,000","468,000,000","831,000,000","537,000,000","478,000,000","587,000,000","626,000,000","348,000,000","488,000,000","490,000,000","712,000,000","712,000,000","759,000,000","521,000,000","762,000,000","590,000,000","1,026,000,000","446,000,000","611,000,000","404,000,000","429,000,000","-53,000,000","463,000,000","438,000,000","393,000,000","65,000,000","365,000,000","357,000,000","410,000,000","198,000,000","247,000,000","157,000,000","187,000,000","96,000,000","253,000,000","205,000,000","299,000,000","96,000,000","339,000,000","238,000,000","386,000,000","368,000,000","425,000,000","223,000,000","590,000,000","95,000,000","297,000,000","169,000,000","453,000,000","217,000,000","298,000,000","267,000,000","525,000,000","297,000,000","333,000,000","239,000,000","552,000,000","290,000,000","313,000,000","-24,000,000","268,000,000","140,700,000","169,900,000","168,400,000","257,500,000","105,500,000","137,800,000","132,600,000","216,400,000","-9,500,000","142,600,000","127,000,000","161,200,000","133,100,000","131,000,000","97,500,000","123,500,000","104,400,000","99,300,000","76,000,000","102,200,000","138,200,000","146,200,000","109,400,000","106,900,000",,,,,,,,,,,,,,,,,
NetIncomeCommonStockholders,"-4,954,000,000","17,000,000","-710,000,000","-4,721,000,000","460,000,000","2,107,000,000","1,054,000,000","1,760,000,000","5,452,000,000","2,788,000,000","2,322,000,000","2,916,000,000","2,937,000,000","4,423,000,000","1,747,000,000","2,366,000,000","2,388,000,000","2,479,000,000","1,771,000,000","2,597,000,000","2,143,000,000","2,880,000,000","1,609,000,000","2,483,000,000","2,108,000,000","2,182,000,000","1,499,000,000","2,245,000,000","1,917,000,000","1,840,000,000","1,394,000,000","1,847,000,000","1,513,000,000","1,382,000,000","1,244,000,000","1,831,000,000","1,143,000,000","1,464,000,000","1,087,000,000","1,476,000,000","942,000,000","1,302,000,000","835,000,000","1,331,000,000","953,000,000","844,000,000","895,000,000","954,000,000","613,000,000","845,000,000","760,000,000","1,284,000,000","1,133,000,000","1,250,000,000","877,000,000","1,178,000,000","931,000,000","1,701,000,000","782,000,000","1,125,000,000","733,000,000","734,000,000","261,000,000","851,000,000","698,000,000","723,000,000","516,000,000","604,000,000","537,000,000","688,000,000","382,000,000","400,000,000","229,000,000","256,000,000","175,000,000","364,000,000","259,000,000","438,000,000","53,000,000","392,000,000","-567,000,000","-36,000,000","167,000,000","361,000,000","77,000,000","315,000,000","85,000,000","367,000,000","226,000,000","622,000,000","296,000,000","415,000,000","384,000,000","755,000,000","411,000,000","473,000,000","333,000,000","749,000,000","336,000,000","406,000,000","-25,000,000","496,000,000","264,000,000","318,200,000","315,500,000","482,400,000","225,900,000","267,600,000","248,400,000","368,600,000","-77,800,000","259,100,000","204,900,000","260,300,000","223,700,000","220,800,000","164,100,000","208,100,000","174,000,000","165,500,000","126,600,000","170,400,000","232,700,000","238,400,000","178,500,000","174,400,000",,,,,,,,,,,,,,,,,
"	NetIncome","-4,954,000,000","17,000,000","-710,000,000","-4,721,000,000","460,000,000","2,107,000,000","1,054,000,000","1,760,000,000","5,452,000,000","2,788,000,000","2,322,000,000","2,916,000,000","2,937,000,000","4,423,000,000","1,747,000,000","2,366,000,000","2,388,000,000","2,479,000,000","1,771,000,000","2,597,000,000","2,143,000,000","2,880,000,000","1,609,000,000","2,483,000,000","2,108,000,000","2,182,000,000","1,499,000,000","2,245,000,000","1,917,000,000","1,840,000,000","1,394,000,000","1,847,000,000","1,513,000,000","1,382,000,000","1,244,000,000","1,831,000,000","1,143,000,000","1,464,000,000","1,087,000,000","1,476,000,000","942,000,000","1,302,000,000","835,000,000","1,331,000,000","953,000,000","844,000,000","895,000,000","954,000,000","613,000,000","845,000,000","760,000,000","1,284,000,000","1,133,000,000","1,250,000,000","877,000,000","1,178,000,000","931,000,000","1,701,000,000","782,000,000","1,125,000,000","733,000,000","734,000,000","261,000,000","851,000,000","698,000,000","723,000,000","516,000,000","604,000,000","537,000,000","688,000,000","382,000,000","400,000,000","229,000,000","256,000,000","175,000,000","364,000,000","259,000,000","438,000,000","53,000,000","392,000,000","-567,000,000","-36,000,000","167,000,000","361,000,000","77,000,000","315,000,000","85,000,000","367,000,000","226,000,000","622,000,000","296,000,000","415,000,000","384,000,000","755,000,000","411,000,000","473,000,000","333,000,000","749,000,000","336,000,000","406,000,000","-25,000,000","496,000,000","264,000,000","318,200,000","315,500,000","482,400,000","225,900,000","267,600,000","248,400,000","368,600,000","-77,800,000","259,100,000","204,900,000","260,300,000","223,700,000","220,800,000","164,100,000","208,100,000","174,000,000","165,500,000","126,600,000","170,400,000","232,700,000","238,400,000","178,500,000","174,400,000",,,,,,,,,,,,,,,,,
"		NetIncomeIncludingNoncontrollingInterests","-4,603,000,000","18,000,000","-629,000,000","-4,512,000,000","520,000,000","2,147,000,000","1,205,000,000","1,982,000,000","5,611,000,000","2,786,000,000","2,419,000,000","3,059,000,000","3,115,000,000","4,473,000,000","1,865,000,000","2,474,000,000","2,539,000,000","2,488,000,000","1,892,000,000","2,712,000,000","2,276,000,000","2,910,000,000","1,741,000,000","2,639,000,000","2,228,000,000","2,244,000,000","1,625,000,000","2,419,000,000","2,056,000,000","1,904,000,000","1,543,000,000","2,034,000,000","1,621,000,000","1,438,000,000","1,390,000,000","2,036,000,000","1,226,000,000","1,521,000,000","1,251,000,000","1,663,000,000","1,010,000,000","1,334,000,000","966,000,000","1,505,000,000","998,000,000","844,000,000","1,074,000,000","1,031,000,000","653,000,000","851,000,000","897,000,000","1,375,000,000","1,183,000,000","1,274,000,000","977,000,000","1,247,000,000","934,000,000","1,706,000,000","864,000,000","1,198,000,000","745,000,000","750,000,000","311,000,000","898,000,000","752,000,000","749,000,000","582,000,000","650,000,000","606,000,000","704,000,000","439,000,000","415,000,000","262,000,000","278,000,000","193,000,000","383,000,000","289,000,000","472,000,000","74,000,000","412,000,000","-534,000,000","-6,000,000","188,000,000","403,000,000","97,000,000","339,000,000","85,000,000","367,000,000","226,000,000","622,000,000","296,000,000","415,000,000","384,000,000","755,000,000","411,000,000","473,000,000","333,000,000","749,000,000","336,000,000","406,000,000","-25,000,000","496,000,000","264,000,000","318,200,000","315,500,000","482,400,000","225,900,000","267,600,000","248,400,000","368,600,000","-77,800,000","259,100,000","204,900,000","260,300,000","223,700,000","220,800,000","164,100,000","208,100,000","174,000,000","165,500,000","126,600,000","170,400,000","232,700,000","238,400,000","178,500,000","174,400,000","212,700,000","193,300,000","149,000,000","148,300,000","136,400,000","165,000,000","120,200,000","100,400,000","135,300,000","128,400,000","91,200,000","89,800,000","81,100,000","79,700,000","51,800,000","34,700,000","53,800,000"
"			NetIncomeContinuousOperations","-4,580,000,000","30,000,000","-629,000,000","-4,509,000,000","535,000,000","2,173,000,000","914,000,000","1,623,000,000","5,590,000,000","2,786,000,000","2,419,000,000","3,059,000,000","3,115,000,000","4,473,000,000","1,865,000,000","2,474,000,000","2,539,000,000","2,488,000,000","1,892,000,000","2,712,000,000","2,276,000,000","2,910,000,000","1,741,000,000","2,639,000,000","2,228,000,000","2,244,000,000","1,625,000,000","2,419,000,000","2,056,000,000","1,904,000,000","1,543,000,000","2,034,000,000","1,621,000,000","1,438,000,000","1,390,000,000","2,036,000,000","1,226,000,000","1,521,000,000","1,251,000,000","1,663,000,000","1,010,000,000","1,334,000,000","966,000,000","1,505,000,000","998,000,000","844,000,000","1,074,000,000","1,031,000,000","653,000,000","845,000,000","760,000,000","1,284,000,000","1,133,000,000","1,250,000,000","883,000,000","1,196,000,000","931,000,000","1,701,000,000","782,000,000","1,125,000,000","733,000,000","734,000,000","297,000,000","851,000,000","698,000,000","723,000,000","516,000,000","604,000,000","537,000,000","688,000,000","453,000,000","400,000,000","229,000,000","256,000,000","175,000,000","364,000,000","259,000,000","438,000,000","53,000,000","392,000,000","-567,000,000","242,000,000","167,000,000","361,000,000","77,000,000","315,000,000","85,000,000","367,000,000","226,000,000","622,000,000","296,000,000","415,000,000","384,000,000","755,000,000","411,000,000","473,000,000","333,000,000","749,000,000","336,000,000","406,000,000","-25,000,000","496,000,000","264,000,000","318,200,000","315,500,000","482,400,000","225,900,000","267,600,000","248,400,000","368,600,000","-77,800,000","259,100,000","204,900,000","260,300,000","223,700,000","220,800,000","164,100,000","208,100,000","174,000,000","165,500,000","126,600,000","170,400,000","232,700,000","238,400,000","178,500,000","174,400,000","212,700,000","193,300,000","149,000,000","148,300,000","136,400,000","165,000,000","120,200,000","100,400,000","110,600,000","121,900,000","88,000,000","71,800,000","81,100,000","79,700,000","51,800,000","34,700,000","53,800,000"
"			NetIncomeDiscontinuousOperations","-23,000,000","-12,000,000",0,"-3,000,000","-15,000,000","-26,000,000","291,000,000","359,000,000","21,000,000",,,,,,,,,,,,,,,,,,,,,,,,,,,,,,,,,,,,,,,,,,,,,,"-6,000,000","-18,000,000",,,,,,,,,,,,,,,,,,,,,,,,,,,,,,,,,,,,,,,,,,,,,,,,,,,,,,,,,,,,,,,,,,,,,,,,,,,,,,,"24,700,000","6,500,000","3,200,000","18,000,000",,,,,
"			NetIncomeExtraordinary",,,,,,,,,,,,,,,,,,,,,,,,,,,,,,,,,,,,,,,,,,,,,,,,,,,,,,,,,,,,,,,,,,,,,,,,,,,,,,,0,,,"-278,000,000",,,,,,,,,,,,,,,,,,,,,,,,,,,,,0,,,,,,,,,,,,,,,,,,,,,,,,,,,,,,,,
"		MinorityInterests","-351,000,000","-1,000,000","-81,000,000","-209,000,000","-60,000,000","-40,000,000","-151,000,000","-222,000,000","-159,000,000","2,000,000","-97,000,000","-143,000,000","-178,000,000","-50,000,000","-118,000,000","-108,000,000","-151,000,000","-9,000,000","-121,000,000","-115,000,000","-133,000,000","-30,000,000","-132,000,000","-156,000,000","-120,000,000","-62,000,000","-126,000,000","-174,000,000","-139,000,000","-64,000,000","-149,000,000","-187,000,000","-108,000,000","-56,000,000","-146,000,000","-205,000,000","-83,000,000","-57,000,000","-164,000,000","-187,000,000","-68,000,000","-32,000,000","-131,000,000","-174,000,000","-45,000,000",0,"-179,000,000","-77,000,000","-40,000,000","-6,000,000","-137,000,000","-91,000,000","-50,000,000","-24,000,000","-100,000,000","-69,000,000","-3,000,000","-5,000,000","-82,000,000","-73,000,000","-12,000,000","-16,000,000","-50,000,000","-47,000,000","-54,000,000","-26,000,000","-66,000,000","-46,000,000","-69,000,000","-16,000,000","-57,000,000","-15,000,000","-33,000,000","-22,000,000","-18,000,000","-19,000,000","-30,000,000","-34,000,000","-21,000,000","-20,000,000","-33,000,000","-30,000,000","-21,000,000","-42,000,000","-20,000,000","-24,000,000",,,,,,,,,,,,,,,,,,,,,,,,,,,,,,,,,,,,,,,,,,,,,,,,,,,,,,,,,
DilutedNIAvailtoComStockholders,"-4,954,000,000","17,000,000","-710,000,000","-4,721,000,000","460,000,000","2,107,000,000","1,054,000,000","1,760,000,000","5,452,000,000","2,788,000,000","2,322,000,000","2,916,000,000","2,937,000,000","4,423,000,000","1,747,000,000","2,366,000,000","2,388,000,000","2,479,000,000","1,771,000,000","2,597,000,000","2,143,000,000","2,880,000,000","1,609,000,000","2,483,000,000","2,108,000,000","2,182,000,000","1,499,000,000","2,245,000,000","1,917,000,000","1,840,000,000","1,394,000,000","1,847,000,000","1,513,000,000","1,382,000,000","1,244,000,000","1,831,000,000","1,143,000,000","1,464,000,000","1,087,000,000","1,476,000,000","942,000,000","1,302,000,000","835,000,000","1,331,000,000","953,000,000","844,000,000","895,000,000","954,000,000","613,000,000","845,000,000","760,000,000","1,284,000,000","1,133,000,000","1,250,000,000","877,000,000","1,178,000,000","931,000,000","1,701,000,000","782,000,000","1,125,000,000","733,000,000","734,000,000","261,000,000","851,000,000","698,000,000","723,000,000","516,000,000","604,000,000","537,000,000","688,000,000","382,000,000","400,000,000","229,000,000","256,000,000","175,000,000","364,000,000","259,000,000","438,000,000","53,000,000","392,000,000","-567,000,000","-36,000,000","167,000,000","361,000,000","77,000,000","315,000,000","85,000,000","367,000,000","226,000,000","622,000,000","296,000,000","415,000,000","384,000,000","755,000,000","411,000,000","473,000,000","333,000,000","749,000,000","336,000,000","406,000,000","-25,000,000","496,000,000","264,000,000","318,200,000","315,500,000","482,400,000","225,900,000","267,600,000","248,400,000","368,600,000","-77,800,000","259,100,000","204,900,000","260,300,000","223,700,000","220,800,000","164,100,000","208,100,000","174,000,000","165,500,000","126,600,000","170,400,000","232,700,000","238,400,000","178,500,000","174,400,000",,,,,,,,,,,,,,,,,
BasicEPS,,0.01,-0.39,-2.61,0.25,1.17,0.58,0.98,3.56,1.87,1.56,1.96,1.95,2.93,1.14,1.51,1.51,1.56,1.1,1.6,1.31,1.74,0.96,1.46,1.24,1.28,0.87,1.3,1.1,1.04,0.78,1.02,0.84,0.78,0.69,1.02,0.64,0.81,,0.78,0.5,0.69,,0.68,0.49,0.45,,0.51,0.33,0.46,,0.68,0.6,0.66,,0.59,0.46,0.83,,0.54,0.38,0.38,,0.42,0.34,0.35,,0.29,0.26,0.34,,0.2,0.11,0.13,,0.18,0.13,0.21,,0.19,-0.26,0.03,,0.21,0.08,0.17,,0.18,0.11,0.3,,0.077,0.053,0.123,,0.077,0.053,0.12,,0.067,-0.003,0.103,,0.067,0.067,0.1,,0.053,0.05,0.077,,0.053,0.043,0.053,,0.047,0.008,0.011,,0.008,0.007,0.009,,0.013,0.009,0.009,,0.01,0.008,0.008,,0.008,0.006,0.005,,0.006,0.004,0.004,,0.004,0.003,0,
DilutedEPS,,0.01,-0.39,-2.61,0.25,1.16,0.58,0.97,3.55,1.86,1.55,1.95,1.95,2.91,1.13,1.51,1.5,1.55,1.1,1.59,1.3,1.73,0.95,1.45,1.23,1.27,0.86,1.28,1.08,1.03,0.77,1.01,0.83,0.77,0.68,1.01,0.63,0.8,,0.77,0.49,0.68,,0.67,0.48,0.44,,0.51,0.33,0.45,,0.66,0.58,0.63,,0.57,0.44,0.79,,0.53,0.37,0.37,,0.41,0.33,0.35,,0.29,0.26,0.33,,0.19,0.11,0.13,,0.18,0.13,0.21,,0.19,-0.26,0.03,,0.21,0.08,0.17,,0.18,0.11,0.3,,0.077,0.053,0.12,,0.077,0.053,0.12,,0.067,-0.003,0.103,,0.067,0.067,0.1,,0.053,0.05,0.077,,0.053,0.043,0.053,,0.047,0.008,0.011,,0.008,0.007,0.009,,0.013,0.009,0.009,,0.01,0.008,0.008,,0.008,0.006,0.005,,0.006,0.004,0.004,,0.004,0.003,0,
BasicAverageShares,,"1,812,000,000","1,809,000,000","1,809,000,000","1,808,000,000","1,805,000,000","1,804,000,000","1,802,000,000","1,530,000,000","1,490,000,000","1,489,000,000","1,491,000,000","1,503,000,000","1,512,000,000","1,538,000,000","1,562,000,000","1,580,000,000","1,592,000,000","1,606,000,000","1,621,000,000","1,633,000,000","1,654,000,000","1,679,000,000","1,696,000,000","1,699,000,000","1,700,000,000","1,716,000,000","1,732,000,000","1,750,000,000","1,762,000,000","1,786,000,000","1,802,000,000","1,804,000,000","1,777,000,000","1,793,000,000","1,791,000,000","1,793,000,000","1,798,000,000",,"1,883,000,000","1,899,000,000","1,891,000,000",,"1,945,000,000","1,940,000,000","1,867,000,000",,"1,857,000,000","1,855,000,000","1,852,000,000",,"1,900,000,000","1,883,000,000","1,904,000,000",,"1,982,000,000","2,039,000,000","2,059,000,000",,"2,071,000,000","1,924,000,000","1,940,000,000",,"2,031,000,000","2,044,000,000","2,042,000,000",,"2,053,000,000","2,048,000,000","2,045,000,000",,"2,043,000,000","2,042,000,000","2,042,000,000",,"2,041,000,000","2,039,000,000","2,040,000,000",,"2,091,000,000","2,082,000,000","2,082,000,000",,"2,078,000,000","2,069,000,000","2,081,000,000",,"2,086,000,000","2,089,000,000","2,076,000,000",,"2,068,929,000","2,036,999,961","2,030,999,967",,"2,025,401,571","2,025,401,571","2,024,999,973",,"2,044,054,000","1,888,889,000","1,576,577,000",,"1,569,369,000","1,563,964,000","1,553,754,000",,"1,609,910,000","1,613,213,000","1,612,526,000",,"1,609,009,000","1,608,108,000","1,607,462,000",,"1,574,186,000","1,572,910,000","1,568,775,000",,"1,562,655,000","1,560,541,000","1,597,093,000",,"1,597,417,000","1,599,375,000","1,623,988,000",,"1,614,535,000","1,614,535,000","1,614,535,000",,"1,600,000,000","1,649,574,000","1,578,042,000",,"1,577,946,000","1,571,171,000","1,569,970,000",,"1,554,066,000","1,554,066,000","1,572,565,000",
DilutedAverageShares,,"1,823,000,000","1,809,000,000","1,809,000,000","1,816,000,000","1,817,000,000","1,816,000,000","1,814,000,000","1,537,000,000","1,498,000,000","1,497,000,000","1,498,000,000","1,510,000,000","1,521,000,000","1,547,000,000","1,572,000,000","1,591,000,000","1,603,000,000","1,615,000,000","1,631,000,000","1,643,000,000","1,668,000,000","1,694,000,000","1,711,000,000","1,715,000,000","1,717,000,000","1,734,000,000","1,748,000,000","1,770,000,000","1,784,000,000","1,805,000,000","1,821,000,000","1,825,000,000","1,800,000,000","1,817,000,000","1,812,000,000","1,818,000,000","1,824,000,000",,"1,912,000,000","1,934,000,000","1,927,000,000",,"1,978,000,000","1,973,000,000","1,903,000,000",,"1,874,000,000","1,868,000,000","1,872,000,000",,"1,940,000,000","1,960,000,000","1,989,000,000",,"2,070,000,000","2,129,000,000","2,148,000,000",,"2,147,000,000","1,990,000,000","1,999,000,000",,"2,096,000,000","2,114,000,000","2,107,000,000",,"2,111,000,000","2,110,000,000","2,099,000,000",,"2,084,000,000","2,043,000,000","2,044,000,000",,"2,046,000,000","2,045,000,000","2,040,000,000",,"2,107,000,000","2,098,000,000","2,103,000,000",,"2,115,000,000","2,103,000,000","2,081,000,000",,"2,086,000,000","2,089,000,000","2,076,000,000",,"2,068,929,000","2,036,999,961","2,030,999,967",,"2,025,401,571","2,025,401,571","2,024,999,973",,"2,044,054,000","1,888,889,000","1,576,577,000",,"1,569,369,000","1,563,964,000","1,553,754,000",,"1,609,910,000","1,613,213,000","1,612,526,000",,"1,609,009,000","1,608,108,000","1,607,462,000",,"1,574,186,000","1,572,910,000","1,568,775,000",,"1,562,655,000","1,560,541,000","1,597,093,000",,"1,597,417,000","1,599,375,000","1,623,988,000",,"1,614,535,000","1,614,535,000","1,614,535,000",,"1,600,000,000","1,649,574,000","1,578,042,000",,"1,577,946,000","1,571,171,000","1,569,970,000",,"1,554,066,000","1,554,066,000","1,572,565,000",
TotalExpenses,"59,542,000,000","15,990,000,000","15,160,000,000","11,728,000,000","16,639,000,000","18,017,000,000","16,815,000,000","17,485,000,000","11,531,000,000","11,885,000,000","11,224,000,000","11,304,000,000","10,511,000,000","11,558,000,000","10,150,000,000","10,450,000,000","9,586,000,000","11,078,000,000","10,281,000,000","10,132,000,000","9,606,000,000","11,255,000,000","10,364,000,000","9,339,000,000","9,355,000,000","10,183,000,000","9,993,000,000","8,968,000,000","8,668,000,000","9,644,000,000","9,409,000,000","8,574,000,000","8,359,000,000","9,249,000,000","8,758,000,000","8,128,000,000","7,942,000,000","8,587,000,000","8,558,000,000","8,229,000,000","7,549,000,000","8,776,000,000","8,221,000,000","7,723,000,000","7,068,000,000","8,325,000,000","8,272,000,000","6,998,000,000","6,800,000,000","8,382,000,000","7,993,000,000","7,215,000,000","6,812,000,000","8,419,000,000","7,359,000,000","7,022,000,000","6,540,000,000","8,009,000,000","7,441,000,000","6,832,000,000","6,841,000,000","7,693,000,000","7,321,000,000","6,369,000,000","6,655,000,000","7,492,000,000","6,792,000,000","6,375,000,000","6,153,000,000","7,384,000,000","6,319,000,000","5,448,000,000","5,786,000,000","6,795,000,000","6,270,000,000","5,052,000,000","5,301,000,000","6,402,000,000","5,452,000,000","5,092,000,000","5,317,000,000","6,576,000,000","5,602,000,000","5,192,000,000","5,857,000,000","6,008,000,000","5,285,000,000","4,605,000,000","4,866,000,000","5,611,000,000","5,457,000,000","4,374,000,000","4,441,000,000","4,925,000,000","4,659,000,000","4,203,000,000","4,725,000,000","4,941,000,000","4,475,000,000","4,197,000,000","3,984,000,000","3,019,000,000","2,694,400,000","2,240,400,000","2,362,000,000","2,553,200,000","2,301,400,000","1,900,600,000","1,903,200,000","2,146,500,000","1,857,200,000","1,508,400,000","1,659,600,000","1,932,100,000","1,711,900,000","1,500,500,000","1,394,300,000","1,610,200,000","1,459,700,000","1,254,500,000","1,243,600,000","1,220,600,000","1,352,800,000","1,165,100,000","1,026,800,000","1,012,000,000",,,,,,,,,,,,,,,,,
NetIncomeFromContinuingAndDiscontinuedOperation,"-4,954,000,000","17,000,000","-710,000,000","-4,721,000,000","460,000,000","2,107,000,000","1,054,000,000","1,760,000,000","5,452,000,000","2,788,000,000","2,322,000,000","2,916,000,000","2,937,000,000","4,423,000,000","1,747,000,000","2,366,000,000","2,388,000,000","2,479,000,000","1,771,000,000","2,597,000,000","2,143,000,000","2,880,000,000","1,609,000,000","2,483,000,000","2,108,000,000","2,182,000,000","1,499,000,000","2,245,000,000","1,917,000,000","1,840,000,000","1,394,000,000","1,847,000,000","1,513,000,000","1,382,000,000","1,244,000,000","1,831,000,000","1,143,000,000","1,464,000,000","1,087,000,000","1,476,000,000","942,000,000","1,302,000,000","835,000,000","1,331,000,000","953,000,000","844,000,000","895,000,000","954,000,000","613,000,000","845,000,000","760,000,000","1,284,000,000","1,133,000,000","1,250,000,000","877,000,000","1,178,000,000","931,000,000","1,701,000,000","782,000,000","1,125,000,000","733,000,000","734,000,000","297,000,000","851,000,000","698,000,000","723,000,000","516,000,000","604,000,000","537,000,000","688,000,000","453,000,000","400,000,000","229,000,000","256,000,000","175,000,000","364,000,000","259,000,000","438,000,000","53,000,000","392,000,000","-567,000,000","242,000,000","167,000,000","361,000,000","77,000,000","315,000,000","85,000,000","367,000,000","226,000,000","622,000,000","296,000,000","415,000,000","384,000,000","755,000,000","411,000,000","473,000,000","333,000,000","749,000,000","336,000,000","406,000,000","-25,000,000","496,000,000","264,000,000","318,200,000","315,500,000","482,400,000","225,900,000","267,600,000","248,400,000","368,600,000","-77,800,000","259,100,000","204,900,000","260,300,000","223,700,000","220,800,000","164,100,000","208,100,000","174,000,000","165,500,000","126,600,000","170,400,000","232,700,000","238,400,000","178,500,000","174,400,000",,,,,,,,,,,,,,,,,
NormalizedIncome,"-2,096,000,000","102,676,000","-854,540,000","-370,220,000","580,850,000","2,256,900,000","1,342,060,413.36","1,666,320,000","2,110,628,000","2,788,000,000","1,871,742,660.84","2,916,000,000","2,947,309,000","4,392,372,000","1,760,845,582.78","2,366,000,000","2,388,000,000","2,479,000,000","1,791,358,208.96","2,625,512,000","2,143,000,000","2,934,108,000","1,640,800,000","2,483,000,000","2,108,000,000","2,182,000,000","1,496,358,797.24","2,245,000,000","1,990,872,000","1,852,312,000","1,506,394,784.17","1,886,480,000","1,556,432,000","1,454,318,000","1,240,054,872.28","1,835,705,183.23","1,047,586,353.95","1,468,072,289.16","1,092,916,447.71","1,498,544,657.10","942,000,000","1,261,281,976.74","577,669,456.07","1,326,490,154.11","953,650,162.87","893,797,276.85","481,823,600.24","967,066,385.03","811,966,033.97","772,547,423.45","818,851,478.01","1,262,917,105.89","1,133,000,000","1,250,000,000","883,000,000","1,196,000,000","931,000,000","1,044,077,598.83","782,000,000","1,113,079,601.99","733,000,000","689,470,737.91","297,000,000","835,164,584.86","702,423,529.41","734,149,737.30","520,497,681.61","639,862,068.97","538,887,850.47","688,000,000","453,720,338.98","399,373,111.78","229,000,000","256,000,000","175,000,000","343,525,157.23","259,000,000","438,000,000","128,600,000","474,800,000","30,600,000","288,800,000","75,200,000","305,200,000","77,000,000","193,800,000","209,800,000","419,200,000","271,000,000","465,400,000","296,000,000","415,000,000","384,000,000","755,000,000","411,000,000","473,000,000","333,000,000","668,000,000","311,400,000","406,000,000","290,000,000","510,282,722.51","229,752,409.19","327,587,584.51","337,081,008.47","464,209,758.08","188,886,210.02","299,086,235.82","242,923,464.57","365,953,641.03","142,321,420.39","276,321,732.64","226,445,676.41","283,643,629.89","137,994,310.54","221,553,155.20","163,598,165.14","204,836,670.69","109,187,500","160,687,500","122,100,888.45","169,899,926.63","198,507,090.86","232,077,379.10","166,843,869.40","164,170,351.94",,,,,,,,,,,,,,,,,
InterestIncome,"193,000,000","113,000,000","-24,000,000","41,000,000","63,000,000","76,000,000","129,000,000","34,000,000","30,000,000","75,000,000","30,000,000","32,000,000","29,000,000","17,000,000","52,000,000","17,000,000","31,000,000","22,000,000","20,000,000","18,000,000","14,000,000","42,000,000","13,000,000","50,000,000","74,000,000","11,000,000","34,000,000","24,000,000","129,000,000","130,000,000","55,000,000","10,000,000","29,000,000","20,000,000","24,000,000","22,000,000","31,000,000","26,000,000","34,000,000","25,000,000","28,000,000","5,000,000","1,000,000","14,000,000",,,,,"22,000,000",,,,,,,,,,,,,,,,,,,,,,,,,,,,,,,,,,,,,,,,,,,,,,,,,,,,,,,,,,,,,,,,,,,,,,,,,,,,,,,,,,,,,,,,,,,,,,
InterestExpense,"1,689,000,000","404,000,000","464,000,000","456,000,000","365,000,000","362,000,000","413,000,000","472,000,000","198,000,000","163,000,000","189,000,000","175,000,000","172,000,000","146,000,000","137,000,000","134,000,000","115,000,000","121,000,000","119,000,000","88,000,000","81,000,000","66,000,000","68,000,000","62,000,000","66,000,000","69,000,000","72,000,000","74,000,000","67,000,000","81,000,000","81,000,000","93,000,000","83,000,000","92,000,000","115,000,000","115,000,000","126,000,000","116,000,000","111,000,000","113,000,000","111,000,000","100,000,000","88,000,000","103,000,000","130,000,000","103,000,000","124,000,000","75,000,000","150,000,000",,,,,,,,,,,,,,,,,,,,,,,,,,,,,,,,,,,,,,,,,,,,,,,,,,,,,,,,,,,,,,,,,,,,,,,,,,,,,,,,,,,,,,,,,,,,,,
NetInterestIncome,"-1,496,000,000","-291,000,000","-488,000,000","-415,000,000","-302,000,000","-286,000,000","-284,000,000","-438,000,000","-168,000,000","-88,000,000","-159,000,000","-143,000,000","-143,000,000","-129,000,000","-85,000,000","-117,000,000","-84,000,000","-99,000,000","-99,000,000","-70,000,000","-67,000,000","-24,000,000","-55,000,000","-12,000,000","8,000,000","-58,000,000","-38,000,000","-50,000,000","62,000,000","49,000,000","-26,000,000","-83,000,000","-54,000,000","-72,000,000","-91,000,000","-93,000,000","-95,000,000","-90,000,000","-77,000,000","-88,000,000","-83,000,000","-95,000,000","-87,000,000","-89,000,000","-130,000,000","-103,000,000","-124,000,000","-75,000,000","-128,000,000",,,,,,,,,,,,,,,,,,,,,,,,,,,,,,,,,,,,,,,,,,,,,,,,,,,,,,,,,,,,,,,,,,,,,,,,,,,,,,,,,,,,,,,,,,,,,,
EBIT,"-2,634,000,000","450,000,000","-116,000,000","-4,384,000,000","1,425,000,000","2,994,000,000","1,671,000,000","2,490,000,000","7,435,000,000","3,594,000,000","3,391,000,000","4,029,000,000","4,100,000,000","3,891,000,000","2,831,000,000","3,752,000,000","3,866,000,000","3,846,000,000","3,000,000,000","4,271,000,000","3,527,000,000","4,424,000,000","3,292,000,000","4,024,000,000","3,386,000,000","3,431,000,000","2,533,000,000","3,744,000,000","3,242,000,000","3,021,000,000","2,305,000,000","3,186,000,000","2,358,000,000","2,120,000,000","2,229,000,000","3,144,000,000","2,002,000,000","2,357,000,000","2,014,000,000","2,621,000,000","1,679,000,000","2,164,000,000","1,522,000,000","2,439,000,000","1,665,000,000","1,425,000,000","1,785,000,000","1,732,000,000","1,151,000,000","1,217,000,000","1,452,000,000","2,021,000,000","1,898,000,000","2,033,000,000","1,571,000,000","2,023,000,000","1,533,000,000","1,716,000,000","1,343,000,000","1,788,000,000","1,186,000,000","1,161,000,000","413,000,000","1,346,000,000","1,174,000,000","1,174,000,000","751,000,000","1,096,000,000","1,036,000,000","1,165,000,000","769,000,000","727,000,000","546,000,000","671,000,000","392,000,000","743,000,000","603,000,000","646,000,000","360,000,000","883,000,000","732,000,000","857,000,000","514,000,000","859,000,000","446,000,000","924,000,000","496,000,000","917,000,000","644,000,000","978,000,000","690,000,000","874,000,000","801,000,000","1,414,000,000","861,000,000","991,000,000","756,000,000","1,337,000,000","797,000,000","890,000,000","559,000,000","799,000,000","429,200,000","523,600,000","560,800,000","748,500,000","397,000,000","453,000,000","372,600,000","580,800,000","317,400,000","428,400,000","366,900,000","459,300,000","346,900,000","353,000,000","260,800,000","326,400,000","279,700,000","257,100,000","195,400,000","271,800,000","359,500,000","374,400,000","277,000,000","276,200,000","-2,139,700,000","1,167,600,000","1,037,900,000","1,043,600,000","-1,621,200,000","930,400,000","789,200,000","749,300,000","-1,388,200,000","621,900,000","766,300,000","755,500,000","-1,241,000,000","647,900,000","592,400,000","504,200,000","-1,063,400,000"
EBITDA,"2,710,000,000",,,,,,,,,,,,,,,,,,,,,,,,,,,,,,,,,,,,,,,,,,,,,,,,,,,,,,,,,,,,,,,,,,,,,,,,,,,,,,,,,,,,,,,,,,,,,,,,,,,,,,,,,,,,,,,,,,,,,,,,,,,,,,,,,,,,,,,,,,,,,,
ReconciledCostOfRevenue,"42,621,000,000","11,775,000,000","11,013,000,000","7,894,000,000","11,918,000,000","13,016,000,000","11,822,000,000","12,819,000,000","8,376,000,000","9,001,000,000","8,108,000,000","8,348,000,000","7,533,000,000","8,737,000,000","7,214,000,000","7,717,000,000","6,969,000,000","8,406,000,000","7,305,000,000","7,201,000,000","6,864,000,000","8,623,000,000","7,355,000,000","6,663,000,000","6,690,000,000","7,656,000,000","-860,000,000","8,968,000,000","8,668,000,000","9,644,000,000","9,409,000,000","8,574,000,000","8,359,000,000","9,249,000,000","8,758,000,000","8,128,000,000","7,942,000,000","8,587,000,000","8,558,000,000","8,229,000,000","7,549,000,000","8,776,000,000","8,221,000,000","7,723,000,000","7,068,000,000","8,325,000,000","8,272,000,000","6,998,000,000","6,800,000,000","8,382,000,000","7,993,000,000","7,215,000,000","6,812,000,000","8,419,000,000","7,359,000,000","7,022,000,000","6,540,000,000","8,009,000,000","7,441,000,000","6,832,000,000","6,841,000,000","7,693,000,000","7,321,000,000","6,369,000,000","6,655,000,000","7,492,000,000","6,792,000,000","6,375,000,000","6,153,000,000","7,384,000,000","6,068,000,000","5,164,000,000","5,510,000,000","6,529,000,000","6,003,000,000","4,788,000,000","5,043,000,000","6,149,000,000","5,055,000,000","4,684,000,000","4,898,000,000","6,046,000,000","4,559,000,000","4,046,000,000","4,405,000,000","4,880,000,000","4,270,000,000","3,692,000,000","3,839,000,000","4,591,000,000","5,793,000,000","3,052,000,000","3,041,000,000","3,321,000,000","3,372,000,000","2,983,000,000","3,444,000,000","3,404,000,000","3,252,000,000","2,928,000,000","2,874,000,000","2,399,000,000","2,124,900,000","1,785,800,000","1,814,300,000","2,088,400,000","1,768,900,000","1,499,400,000","1,459,300,000","1,753,600,000","1,415,800,000","1,286,300,000","1,400,500,000","1,662,700,000","1,491,000,000","1,292,400,000","1,156,300,000","1,369,400,000","1,183,500,000","989,200,000","1,031,400,000","1,018,900,000","1,153,300,000","991,100,000","875,700,000","859,800,000",,,,,,,,,,,,,,,,,
ReconciledDepreciation,"5,344,000,000","1,298,000,000","1,335,000,000","1,379,000,000","1,333,000,000","1,298,000,000","1,296,000,000","1,304,000,000","828,000,000","732,000,000","794,000,000","744,000,000","731,000,000","742,000,000","708,000,000","711,000,000","676,000,000","687,000,000","689,000,000","626,000,000","605,000,000","607,000,000","603,000,000","575,000,000","584,000,000","592,000,000","590,000,000","557,000,000","580,000,000","561,000,000","559,000,000","569,000,000","550,000,000","514,000,000","492,000,000","522,000,000","488,000,000","485,000,000","462,000,000","476,000,000","456,000,000","447,000,000","434,000,000","432,000,000","424,000,000","423,000,000","425,000,000","404,000,000","406,000,000","396,000,000","404,000,000","402,000,000","391,000,000","385,000,000","392,000,000","367,000,000","362,000,000","370,000,000","348,000,000","362,000,000","357,000,000","369,000,000","341,000,000","347,000,000","327,000,000","324,000,000","330,000,000","323,000,000","284,000,000","273,000,000","251,000,000","284,000,000","276,000,000","266,000,000","267,000,000","264,000,000","258,000,000","253,000,000","397,000,000","408,000,000","419,000,000","530,000,000","974,000,000","1,145,000,000","1,414,000,000","1,131,000,000","990,000,000","879,000,000","942,000,000","968,000,000","-397,000,000","1,273,000,000","1,352,000,000","1,526,000,000","1,187,000,000","1,151,000,000","1,173,000,000","1,447,000,000","1,162,000,000","1,203,000,000","1,013,000,000","566,000,000","512,700,000","415,900,000","501,900,000","422,500,000","490,900,000","361,600,000","406,500,000","349,300,000","402,100,000","180,600,000","219,300,000","226,400,000","188,300,000","171,600,000","201,100,000","198,600,000","232,600,000","220,400,000","175,700,000","165,800,000","162,000,000","140,600,000","116,500,000","119,200,000",,,,,,,,,,,,,,,,,
NetIncomeFromContinuingOperationNetMinorityInterest,"-4,931,000,000","29,000,000","-710,000,000","-4,718,000,000","475,000,000","2,133,000,000","763,000,000","1,401,000,000","5,431,000,000","2,788,000,000","2,322,000,000","2,916,000,000","2,937,000,000","4,423,000,000","1,747,000,000","2,366,000,000","2,388,000,000","2,479,000,000","1,771,000,000","2,597,000,000","2,143,000,000","2,880,000,000","1,609,000,000","2,483,000,000","2,108,000,000","2,182,000,000","1,499,000,000","2,245,000,000","1,917,000,000","1,840,000,000","1,394,000,000","1,847,000,000","1,513,000,000","1,382,000,000","1,244,000,000","1,831,000,000","1,143,000,000","1,464,000,000","1,087,000,000","1,476,000,000","942,000,000","1,302,000,000","835,000,000","1,331,000,000","953,000,000","844,000,000","895,000,000","954,000,000","613,000,000","845,000,000","760,000,000","1,284,000,000","1,133,000,000","1,250,000,000","883,000,000","1,196,000,000","931,000,000","1,701,000,000","782,000,000","1,125,000,000","733,000,000","734,000,000","297,000,000","851,000,000","698,000,000","723,000,000","516,000,000","604,000,000","537,000,000","688,000,000","453,000,000","400,000,000","229,000,000","256,000,000","175,000,000","364,000,000","259,000,000","438,000,000","53,000,000","392,000,000","-567,000,000","242,000,000","167,000,000","361,000,000","77,000,000","315,000,000","85,000,000","367,000,000","226,000,000","622,000,000","296,000,000","415,000,000","384,000,000","755,000,000","411,000,000","473,000,000","333,000,000","749,000,000","336,000,000","406,000,000","-25,000,000","496,000,000","264,000,000","318,200,000","315,500,000","482,400,000","225,900,000","267,600,000","248,400,000","368,600,000","-77,800,000","259,100,000","204,900,000","260,300,000","223,700,000","220,800,000","164,100,000","208,100,000","174,000,000","165,500,000","126,600,000","170,400,000","232,700,000","238,400,000","178,500,000","174,400,000",,,,,,,,,,,,,,,,,
TotalUnusualItemsExcludingGoodwill,"-4,725,000,000","-113,000,000","198,000,000","-4,665,000,000","-145,000,000","-150,000,000","-797,000,000","-330,000,000","4,301,000,000",0,"596,000,000",,"-13,000,000","38,000,000","-20,000,000",0,0,0,"-31,000,000","-44,000,000",0,"-81,000,000","-53,000,000",0,0,0,"4,000,000",0,"-114,000,000","-19,000,000","-162,000,000","-60,000,000","-61,000,000","-102,000,000","6,000,000","-7,000,000","146,000,000","-6,000,000","-9,000,000","-34,000,000",0,"63,000,000","382,000,000","7,000,000","-1,000,000","-78,000,000","639,000,000","-21,000,000","-305,000,000","114,000,000","-91,000,000","32,000,000",,,0,,,"1,052,000,000",0,"18,000,000",,"70,000,000",,"24,000,000","-7,000,000","-17,000,000","-5,000,000","-56,000,000","-3,000,000",,"-1,000,000","1,000,000",,,0,"34,000,000",,,"-126,000,000","-138,000,000","-996,000,000","-78,000,000","153,000,000","93,000,000",,"202,000,000","-208,000,000","-87,000,000","-75,000,000","261,000,000",,,,,0,,,"135,000,000","41,000,000",,"-525,000,000","-22,000,000","52,500,000","-14,400,000","-33,100,000","27,900,000","54,300,000","-47,700,000","8,400,000","4,200,000","-247,000,000","-26,700,000","-34,900,000","-37,800,000","136,700,000","-1,200,000","800,000","5,200,000","103,700,000","7,700,000","7,200,000","800,000","54,500,000","10,200,000","18,800,000","16,500,000",,,,,,,,,,,,,,,,,
TotalUnusualItems,"-4,725,000,000","-113,000,000","198,000,000","-4,665,000,000","-145,000,000","-150,000,000","-797,000,000","-330,000,000","4,301,000,000",0,"596,000,000",,"-13,000,000","38,000,000","-20,000,000",0,0,0,"-31,000,000","-44,000,000",0,"-81,000,000","-53,000,000",0,0,0,"4,000,000",0,"-114,000,000","-19,000,000","-162,000,000","-60,000,000","-61,000,000","-102,000,000","6,000,000","-7,000,000","146,000,000","-6,000,000","-9,000,000","-34,000,000",0,"63,000,000","382,000,000","7,000,000","-1,000,000","-78,000,000","639,000,000","-21,000,000","-305,000,000","114,000,000","-91,000,000","32,000,000",,,0,,,"1,052,000,000",0,"18,000,000",,"70,000,000",,"24,000,000","-7,000,000","-17,000,000","-5,000,000","-56,000,000","-3,000,000",,"-1,000,000","1,000,000",,,0,"34,000,000",,,"-126,000,000","-138,000,000","-996,000,000","-78,000,000","153,000,000","93,000,000",,"202,000,000","-208,000,000","-87,000,000","-75,000,000","261,000,000",,,,,0,,,"135,000,000","41,000,000",,"-525,000,000","-22,000,000","52,500,000","-14,400,000","-33,100,000","27,900,000","54,300,000","-47,700,000","8,400,000","4,200,000","-247,000,000","-26,700,000","-34,900,000","-37,800,000","136,700,000","-1,200,000","800,000","5,200,000","103,700,000","7,700,000","7,200,000","800,000","54,500,000","10,200,000","18,800,000","16,500,000",,,,,,,,,,,,,,,,,
NormalizedEBITDA,"7,435,000,000","1,861,000,000","1,021,000,000","1,660,000,000","2,903,000,000","4,442,000,000","3,764,000,000","4,124,000,000","3,962,000,000","4,326,000,000","3,589,000,000","4,773,000,000","4,844,000,000","4,595,000,000","3,559,000,000","4,463,000,000","4,542,000,000","4,533,000,000","3,720,000,000","4,941,000,000","4,132,000,000","5,112,000,000","3,948,000,000","4,599,000,000","3,970,000,000","4,023,000,000","3,119,000,000","4,301,000,000","3,936,000,000","3,601,000,000","3,026,000,000","3,815,000,000","2,969,000,000","2,736,000,000","2,715,000,000","3,673,000,000","2,344,000,000","2,848,000,000","2,485,000,000","3,131,000,000","2,135,000,000","2,548,000,000","1,574,000,000","2,864,000,000","2,090,000,000","1,926,000,000","1,571,000,000","2,157,000,000","1,862,000,000","1,499,000,000","1,947,000,000","2,391,000,000","2,289,000,000","2,418,000,000","1,963,000,000","2,390,000,000","1,895,000,000","1,034,000,000","1,691,000,000","2,132,000,000","1,543,000,000","1,460,000,000","754,000,000","1,669,000,000","1,508,000,000","1,515,000,000","1,086,000,000","1,475,000,000","1,323,000,000","1,438,000,000","1,021,000,000","1,010,000,000","822,000,000","937,000,000","659,000,000","973,000,000","861,000,000","899,000,000","883,000,000","1,429,000,000","2,147,000,000","1,465,000,000","1,335,000,000","1,911,000,000","1,860,000,000","1,853,000,000","1,694,000,000","1,883,000,000","1,661,000,000","1,685,000,000","293,000,000","2,147,000,000","2,153,000,000","2,940,000,000","2,048,000,000","2,142,000,000","1,929,000,000","2,649,000,000","1,918,000,000","2,093,000,000","2,097,000,000","1,387,000,000","889,400,000","953,900,000","1,095,800,000","1,143,100,000","833,600,000","890,900,000","770,700,000","925,900,000","966,500,000","858,500,000","621,100,000","723,500,000","398,500,000","724,400,000","461,100,000","519,800,000","408,600,000","469,800,000","363,900,000","436,800,000","467,000,000","504,800,000","374,700,000","378,900,000","-2,139,700,000","1,167,600,000","1,037,900,000","1,043,600,000","-1,621,200,000","930,400,000","789,200,000","749,300,000","-1,388,200,000","621,900,000","766,300,000","755,500,000","-1,241,000,000","647,900,000","592,400,000","504,200,000","-1,063,400,000"
TaxRateForCalcs,0.4,0.348,0.27,0.068,0.27,0.174,0.273,0.196,0.228,0.188,0.245,0.206,0.207,0.194,0.308,0.316,0.323,0.332,0.343,0.352,0.34,0.332,0.4,0.334,0.329,0.333,0.34,0.341,0.352,0.352,0.306,0.342,0.288,0.291,0.342,0.328,0.346,0.321,0.343,0.337,0.356,0.354,0.326,0.356,0.35,0.362,0.353,0.378,0.348,0.364,0.353,0.341,0.376,0.373,0.346,0.376,0.387,0.376,0.34,0.338,0.352,0.364,0.4,0.34,0.368,0.344,0.1,0.36,0.371,0.368,0.28,0.373,0.375,0.4,0.332,0.398,0.4,0.388,0.4,0.4,0.4,0.4,0.4,0.4,0.4,0.4,0.4,0.4,0.4,0.4,0.4,0.4,0.4,0.4,0.4,0.4,0.4,0.4,0.4,0.4,0.4,0.351,0.348,0.348,0.348,0.348,0.318,0.34,0.348,0.37,0.109,0.355,0.383,0.382,0.373,0.372,0.373,0.372,0.375,0.375,0.375,0.375,0.373,0.38,0.38,0.38,,,,,,,,,,,,,,,,,
TaxEffectOfUnusualItems,"-1,890,000,000","-39,324,000","53,460,000","-317,220,000","-39,150,000","-26,100,000","-217,939,586.65","-64,680,000","980,628,000",0,"145,742,660.84",0,"-2,691,000","7,372,000","-6,154,417.22",0,0,0,"-10,641,791.05","-15,488,000",0,"-26,892,000","-21,200,000",0,0,0,"1,358,797.24",0,"-40,128,000","-6,688,000","-49,605,215.83","-20,520,000","-17,568,000","-29,682,000","2,054,872.28","-2,294,816.77","50,586,353.95","-1,927,710.84","-3,083,552.29","-11,455,342.90",0,"22,281,976.74","124,669,456.07","2,490,154.11","-349,837.13","-28,202,723.15","225,823,600.24","-7,933,614.97","-106,033,966.03","41,547,423.45","-32,148,521.99","10,917,105.89",0,0,0,0,0,"395,077,598.83",0,"6,079,601.99",0,"25,470,737.91",0,"8,164,584.86","-2,576,470.59","-5,850,262.70","-502,318.39","-20,137,931.03","-1,112,149.53",0,"-279,661.02","373,111.78",0,0,0,"13,525,157.23",0,0,"-50,400,000","-55,200,000","-398,400,000","-31,200,000","61,200,000","37,200,000",0,"80,800,000","-83,200,000","-34,800,000","-30,000,000","104,400,000",0,0,0,0,0,0,0,"54,000,000","16,400,000",0,"-210,000,000","-7,717,277.49","18,252,409.19","-5,012,415.49","-11,518,991.53","9,709,758.08","17,286,210.02","-16,213,764.18","2,923,464.57","1,553,641.03","-26,878,579.61","-9,478,267.36","-13,354,323.59","-14,456,370.11","50,994,310.54","-446,844.80","298,165.14","1,936,670.69","38,887,500","2,887,500","2,700,888.45","299,926.63","20,307,090.86","3,877,379.10","7,143,869.40","6,270,351.94",,,,,,,,,,,,,,,,,